@inproceedings{chai2001folk,
  title={Folk music classification using hidden Markov models},
  author={Chai, Wei and Vercoe, Barry},
  booktitle={Proceedings of International Conference on Artificial Intelligence},
  volume={6},
  number={6.4},
  year={2001},
  organization={Citeseer}
}

@article{karpov2002hidden,
  title={Hidden Markov classification for musical genres},
  author={Karpov, Igor and Subramanian, Devika},
  journal={Course Project},
  year={2002}
}

@inproceedings{durey2001melody,
  title={Melody Spotting Using Hidden Markov Models.},
  author={Durey, Adriane and Clements, Mark A},
  booktitle={ISMIR},
  year={2001}
}

@article{rabiner1989tutorial,
  title={A tutorial on hidden Markov models and selected applications in speech recognition},
  author={Rabiner, Lawrence R},
  journal={Proceedings of the IEEE},
  volume={77},
  number={2},
  pages={257--286},
  year={1989},
  publisher={IEEE}
}

@article{moore2001hidden,
  title={Hidden Markov Models},
  author={Moore, Andrew W},
  journal={School of Computer Science Carnegie Mellon University},
  year={2001}
}

@phdthesis{west2008novel,
  title={Novel techniques for audio music classification and search},
  author={West, Kris},
  year={2008},
  school={University of East Anglia}
}

@article{heittola2003automatic,
  title={Automatic classification of music signals},
  author={Heittola, Toni},
  journal={Master of Science Thesis},
  year={2003}
}

@book{thayer1989biopsychology,
  title={The biopsychology of mood and arousal},
  author={Thayer, Robert E},
  year={1989},
  publisher={Oxford University Press}
}

@inproceedings{yang2006music,
  title={Music emotion classification: a fuzzy approach},
  author={Yang, Yi-Hsuan and Liu, Chia-Chu and Chen, Homer H},
  booktitle={Proceedings of the 14th annual ACM international conference on Multimedia},
  pages={81--84},
  year={2006},
  organization={ACM}
}

@incollection{yang2008toward,
  title={Toward multi-modal music emotion classification},
  author={Yang, Yi-Hsuan and Lin, Yu-Ching and Cheng, Heng-Tze and Liao, I-Bin and Ho, Yeh-Chin and Chen, Homer H},
  booktitle={Advances in Multimedia Information Processing-PCM 2008},
  pages={70--79},
  year={2008},
  publisher={Springer}
}

@article{murphy1998hidden,
  title={Hidden markov model (hmm) toolbox for matlab},
  author={Murphy, Kevin},
  journal={online at http://www. ai. mit. edu/\~{} murphyk/Software/HMM/hmm. html},
  year={1998}
}

@article{wojcicki2011htk,
  title={Htk mfcc matlab},
  author={Wojcicki, Kamil},
  journal={MATLAB Central File Exchange},
  year={2011}
}
